<record><leader>00000cas a22000007a 4500</leader><controlfield tag="001">21095513</controlfield><controlfield tag="008">900220d184418uupauwr ne      0    0eng d</controlfield><datafield ind1=" " ind2=" " tag="010"><subfield code="a">sn 90069117 </subfield></datafield><datafield ind1=" " ind2=" " tag="040"><subfield code="a">NPH</subfield><subfield code="b">eng</subfield><subfield code="c">NPH</subfield><subfield code="d">OCLCQ</subfield></datafield><datafield ind1=" " ind2=" " tag="042"><subfield code="a">msc</subfield></datafield><datafield ind1="0" ind2=" " tag="130"><subfield code="a">Investigator (East Berlin, Pa.)</subfield></datafield><datafield ind1="1" ind2="4" tag="245"><subfield code="a">The investigator.</subfield></datafield><datafield ind1="1" ind2="7" tag="246"><subfield code="a">Christian's free investigator</subfield></datafield><datafield ind1=" " ind2=" " tag="260"><subfield code="a">East-Berlin, Pa. :</subfield><subfield code="b">William Bart</subfield></datafield><datafield ind1=" " ind2=" " tag="300"><subfield code="a">v. :</subfield><subfield code="b">ill. (chiefly advertisments) ;</subfield><subfield code="c">51 cm.</subfield></datafield><datafield ind1=" " ind2=" " tag="310"><subfield code="a">Weekly</subfield></datafield><datafield ind1="1" ind2=" " tag="362"><subfield code="a">Began in 1844.</subfield></datafield><datafield ind1=" " ind2=" " tag="588"><subfield code="a">Description based on: Vol. 1, no. 12 (July 25, 1844).</subfield></datafield><datafield ind1=" " ind2=" " tag="752"><subfield code="a">United States</subfield><subfield code="b">Pennsylvania</subfield><subfield code="c">Adams</subfield><subfield code="d">East Berlin.</subfield></datafield><datafield ind1=" " ind2=" " tag="752"><subfield code="a">United States</subfield><subfield code="b">Pennsylvania</subfield><subfield code="c">Adams</subfield><subfield code="d">East-Berlin.</subfield></datafield></record>